@book{jurafsky2024,
  author = {Jurafsky, D. and Martin, J. H.},
  title = {Speech and Language Processing (3rd ed.)},
  year = {2024},
  isbn = {978-0131873216},
  publisher = {Pearson}
}

@article{levenshtein1966,
  author = {Levenshtein, V. I.},
  title = {Binary codes capable of correcting deletions, insertions, and reversals},
  journal = {Soviet Physics Doklady},
  volume = {10},
  number = {8},
  pages = {707--710},
  year = {1966}
}

@book{bellman1957,
  author = {Bellman, R.},
  title = {Dynamic Programming},
  year = {1957},
  isbn = {978-0691146683},
  publisher = {Princeton University Press}
}

@book{cormen2009,
  author = {Cormen, T. H. and Leiserson, C. E. and Rivest, R. L. and Stein, C.},
  title = {Introduction to Algorithms (3rd ed.)},
  year = {2009},
  isbn = {978-0262033848},
  publisher = {MIT Press}
}